@article{4767851,
  author   = {J. Canny},
  journal  = {IEEE Transactions on Pattern Analysis and Machine Intelligence},
  title    = {\textbf{A Computational Approach to Edge Detection}},
  year     = {1986},
  volume   = {8},
  number   = {6},
  pages    = {679--698},
  keywords = {Image edge detection;Detectors;Machine vision;Shape measurement;Performance analysis;Uncertainty;Gaussian approximation;Signal to noise ratio;Signal synthesis;Feature extraction;Edge detection;feature extraction;image processing;machine vision;multiscale image analysis},
  doi      = {10.1109/TPAMI.1986.4767851}
}

@article{7452668,
  author   = {Y. Matsui and T. Shiratori and K. Aizawa},
  journal  = {IEEE Transactions on Visualization and Computer Graphics},
  title    = {\textbf{DrawFromDrawings: {2D} Drawing Assistance via Stroke Interpolation with a Sketch Database}},
  year     = {2017},
  volume   = {23},
  number   = {7},
  pages    = {1852--1862},
  keywords = {computer graphics;DrawFromDrawings;2D drawing assistance;stroke interpolation;sketch database;interactive drawing system;sketch image database;regions of interest;ALAP stroke segments;as-long-as-possible stroke segments;stroke-level interpolation;deformation feedback;suggestive feedback;sketch composition;Interpolation;Shape;Feature extraction;Animation;Visual databases;Visualization;interactive drawing;2D shape interpolation},
  doi      = {10.1109/TVCG.2016.2554113},
  issn     = {1077-2626}
}



